@misc{hadley2006web,
  title={Web application description language (WADL)},
  author={Hadley, Marc J},
  year={2006},
  publisher={Sun Microsystems, Inc.}
}

@ARTICLE{8078177,  author={Amjad, Sunnia and Ahmad, Naveed and Saba, Tanzila and Anjum, Adeel and Manzoor, Umar and Balubaid, Muhammad A. and Malik, Saif Ur Rehman},  journal={IEEE Access},   title={Calculating Completeness of Agile Scope in Scaled Agile Development},   year={2018},  volume={6},  number={},  pages={5822-5847},  doi={10.1109/ACCESS.2017.2765351}}

@ARTICLE{9136647,
  author={Mkoba, Elizabeth and Marnewick, Carl},
  journal={IEEE Access}, 
  title={Conceptual Framework for Auditing Agile Projects}, 
  year={2020},
  volume={8},
  number={},
  pages={126460-126476},
  doi={10.1109/ACCESS.2020.3007874}}
  
 @ARTICLE{7887704,
  author={Cosentino, Valerio and CÃ¡novas Izquierdo, Javier L. and Cabot, Jordi},
  journal={IEEE Access}, 
  title={A Systematic Mapping Study of Software Development With GitHub}, 
  year={2017},
  volume={5},
  number={},
  pages={7173-7192},
  doi={10.1109/ACCESS.2017.2682323}}
  
 @article{strauch2011nosql,
  title={NoSQL databases},
  author={Strauch, Christof and Sites, Ultra-Large Scale and Kriha, Walter},
  journal={Lecture Notes, Stuttgart Media University},
  volume={20},
  pages={24},
  year={2011}
 }
  
 @misc{hayes2008cloud,
  title={Cloud computing},
  author={Hayes, Brian},
  year={2008},
  publisher={ACM New York, NY, USA}
}

@article{chappell2009introducing,
  title={Introducing windows azure},
  author={Chappell, David and others},
  journal={Microsoft, Inc, Tech. Rep},
  year={2009}
}

@ARTICLE{9066957,
  author={Martinez, Danilo and Ferre, Xavier and Guerrero, Graciela and Juristo, Natalia},
  journal={IEEE Access}, 
  title={An Agile-Based Integrated Framework for Mobile Application Development Considering Ilities}, 
  year={2020},
  volume={8},
  number={},
  pages={72461-72470},
  doi={10.1109/ACCESS.2020.2987882}}
  
  @ARTICLE{9207972,
  author={Papis, Bartosz Kazimierz and Grochowski, Konrad and Subzda, Kamil and Sijko, Kamil},
  journal={IEEE Transactions on Software Engineering}, 
  title={Experimental evaluation of test-driven development with interns working on a real industrial project}, 
  year={2020},
  volume={},
  number={},
  pages={1-1},
  doi={10.1109/TSE.2020.3027522}}

@misc{teams, title={What is Microsoft Teams and who should be using it?}, url={https://www.compete366.com/blog-posts/microsoft-teams-what-is-it-and-should-we-be-using-it/}, journal={Microsoft Teams}, author={Compete 366}}

@misc{discord, title={What is Discord?}, url={https://discord.com/safety/360044149331-What-is-Discord}, journal={Discord}, author={Discord}}
 
@misc{azure, title={What is Azure?}, url={https://azure.microsoft.com/en-us/overview/what-is-azure/}, journal={Azure}, author={Microsoft, Azure}}
 
@misc{ubuntu, title={The story of Ubuntu}, url={https://ubuntu.com/about}, journal={Ubuntu}, author={Canonical, Ubuntu}}
 
@misc{linux, title={What is Linux?}, url={https://www.linux.com/what-is-linux/}, journal={Linux}, author={The Linux Foundation}}

@misc{container, title={What is a Container?
A standardized unit of software}, url={https://www.docker.com/resources/what-container}, journal={docker}, author={Docker}}

@misc{docker, title={Docker}, url={https://www.docker.com/}, journal={docker}, author={Docker}}

@misc{auth, title={Authentication}, url={https://firebase.google.com/docs/auth}, journal={firbase authentication}, author={Firebase}}

@misc{d&dBeyond, title={D&DBeyond Character information}, url={https://www.dndbeyond.com/marketplace?gclid=Cj0KCQjws-OEBhCkARIsAPhOkIYbRhM2ZwvIykJraW2KwcriQsZ0_HkWgM4Y_Rb4HWrJ7MdhS63JOEkaAi_nEALw_wcB}, journal={d&dBeyond}, author={d&dBeyond}}

@misc{handbook, title={Player's Handbook}, url={https://online.anyflip.com/ofsj/cxmj/mobile/index.html#p=1}, journal={playershandbook}, author={Players Handbook}}

@misc{vscode, title={Visual Studio Code}, url={https://code.visualstudio.com/docs}, journal={vscode}, author={Visual Studio Code}}

@misc{firebase, title={Firebase}, url={https://firebase.google.com/docs/build}, journal={firebase}, author={Firebases}}

@misc{angularfire, title={AngularFire (for AngularJS)}, url={https://firebaseopensource.com/projects/firebase/angularfire/}, journal={anuglarfire}, author={AngularFire}}




